@article{Woo:1995:SPC:225830.223990,
 author = {Woo, Steven Cameron and Ohara, Moriyoshi and Torrie, Evan and Singh, Jaswinder Pal and Gupta, Anoop},
 title = {The SPLASH-2 programs: characterization and methodological considerations},
 journal = {SIGARCH Comput. Archit. News},
 issue_date = {May 1995},
 volume = {23},
 number = {2},
 month = may,
 year = {1995},
 issn = {0163-5964},
 pages = {24--36},
 numpages = {13},
 url = {http://doi.acm.org/10.1145/225830.223990},
 doi = {10.1145/225830.223990},
 acmid = {223990},
 publisher = {ACM},
 address = {New York, NY, USA},
}