@article{parmibench,author = {Syed Muhammad Zeeshan Iqbal and Yuchen Liang and Hakan Grahn},title = {ParMiBench - An Open-Source Benchmark for Embedded Multiprocessor Systems},journal ={IEEE Computer Architecture Letters},volume = {9},issn = {1556-6056},year = {2010},pages = {45-48},doi = {http://doi.ieeecomputersociety.org/10.1109/L-CA.2010.14},publisher = {IEEE Computer Society},address = {Los Alamitos, CA, USA},}